
@inproceedings{benni:hal-01659776,
  TITLE = {{Supporting Micro-services Deployment in a Safer Way: a Static Analysis and Automated Rewriting Approach}},
  AUTHOR = {Benni, Benjamin and Mosser, S{\'e}bastien and Collet, Philippe and Riveill, Michel},
  URL = {https://hal.archives-ouvertes.fr/hal-01659776},
  BOOKTITLE = {{Symposium on applied Computing}},
  ADDRESS = {Pau, France},
  YEAR = {2018},
  MONTH = Apr,
  DOI = {10.1145/3167132.3167314},
  KEYWORDS = { modeling and modularity ; Feature interaction ; Reusability ; Microservice ;  static analysis ;  container ;  Docker},
  PDF = {https://hal.archives-ouvertes.fr/hal-01659776/file/sac.pdf},
  HAL_ID = {hal-01659776},
  HAL_VERSION = {v1}
}

@inproceedings{benni:hal-01722040,
  TITLE = {{A Delta-oriented Approach to Support the Safe Reuse of Black-box Code Rewriters}},
  AUTHOR = {Benni, Benjamin and Mosser, S{\'e}bastien and Moha, Naouel and Riveill, Michel},
  URL = {https://hal.archives-ouvertes.fr/hal-01722040},
  BOOKTITLE = {{17th International Conference on Software Reuse (ICSR'18)}},
  ADDRESS = {Madrid, France},
  YEAR = {2018},
  MONTH = May,
  PDF = {https://hal.archives-ouvertes.fr/hal-01722040/file/fix-interferences.pdf},
  HAL_ID = {hal-01722040},
  HAL_VERSION = {v1}
}


