@misc{benni:amadeus18,
  TITLE = {{Applying Software Composition to the Docker Ecosystem.}},
  AUTHOR = {Benni, Benjamin and Mosser, S{\'e}bastien},
  ADDRESS= {Amadeus Global Tech Forum},
  YEAR = {2018},
  MONTH = Oct
}