

@article{doi:10.1002/smr.2208,
author = {Benni, Benjamin and Mosser, SÃ©bastien and Moha, Naouel and Riveill, Michel},
title = {A delta-oriented approach to support the safe reuse of black-box code rewriters},
journal = {Journal of Software: Evolution and Process},
volume = {31},
number = {8},
pages = {e2208},
keywords = {code rewriting, conflict detection, rule composition, software reuse},
doi = {10.1002/smr.2208},
url = {https://onlinelibrary.wiley.com/doi/abs/10.1002/smr.2208},
eprint = {https://onlinelibrary.wiley.com/doi/pdf/10.1002/smr.2208},
note = {e2208 smr.2208},
year = {2019}
}