@misc{benni:hal-01546308,
  TITLE = {{Challenges to Support Scalable Software Composition}},
  AUTHOR = {Benni, Benjamin and Mosser, S{\'e}bastien and Riveill, Michel},
  URL = {https://hal.archives-ouvertes.fr/hal-01546308},
  NOTE = {Poster},
  HOWPUBLISHED = {{DSM-TP-17 - 8th International Summer School on Domain-Specific Modeling Theory and Practice}},
  YEAR = {2017},
  MONTH = Jul,
  KEYWORDS = {Software ;  scaling ;  composition},
  HAL_ID = {hal-01546308},
  HAL_VERSION = {v1},
}
