// workshop models

@inproceedings{benni:hal-01792773,
  TITLE = {{Teaching DevOps at the Graduate Level: A report from Polytech Nice Sophia}},
  AUTHOR = {Benni, Benjamin and Collet, Philippe and Molines, Guilhem and Mosser, S{\'e}bastien and Pinna-D{\'e}ry, Anne-Marie},
  URL = {https://hal.archives-ouvertes.fr/hal-01792773},
  BOOKTITLE = {{First international workshop on software engineering aspects of continuous development and new paradigms of software production and deployment}},
  ADDRESS = {Villebrumier, France},
  ORGANIZATION = {{LASER foundation}},
  YEAR = {2018},
  MONTH = Mar,
  PDF = {https://hal.archives-ouvertes.fr/hal-01792773/file/final_long.pdf},
  HAL_ID = {hal-01792773},
  HAL_VERSION = {v2},
}

@inproceedings{benni:devopsatmodels,
  TITLE = {{When DevOps meets Meta-Learning: A Portfolio to rule them all. (\textit{Non encore publi√©})}},
  AUTHOR = {Benni, Benjamin and Blay-Fornarino, Mireille and Mosser, S{\'e}bastien and Precioso, Fr{\'e}deric and Jungbluth, Gunther  },
  BOOKTITLE = {{DevOps@Models - Models 19}}
}